<?xml version="1.0" encoding="UTF-8"?><collection><record><leader>09611ntm a2200913 a 4500</leader><controlfield tag="001">006776044</controlfield><controlfield tag="003">MiAaHDL</controlfield><controlfield tag="005">20190719000000.0</controlfield><controlfield tag="006">m        d        </controlfield><controlfield tag="007">cr bn ---auaua</controlfield><controlfield tag="008">090507m16731709xx            00| ||ara d</controlfield><datafield tag="035" ind1=" " ind2=" "><subfield code="a">(MiU)006776044</subfield></datafield><datafield tag="035" ind1=" " ind2=" "><subfield code="a">sdr-miu006776044</subfield></datafield><datafield tag="040" ind1=" " ind2=" "><subfield code="a">MiU</subfield><subfield code="c">MiU</subfield><subfield code="e">amremm</subfield></datafield><datafield tag="043" ind1=" " ind2=" "><subfield code="a">n-us-mi</subfield></datafield><datafield tag="245" ind1="0" ind2="0"><subfield code="6">880-01</subfield><subfield code="a">[Majmūʻat rasāʼil,</subfield><subfield code="f">1084 to 1121?, i.e. 1673 to 1709?].</subfield></datafield><datafield tag="260" ind1=" " ind2=" "><subfield code="c">[1673-1709?]</subfield></datafield><datafield tag="300" ind1=" " ind2=" "><subfield code="a">161 leaves :</subfield><subfield code="b">paper ;</subfield><subfield code="c">204 x 148 (109-157 x 59-89) mm. bound to 205 x 151 mm.</subfield></datafield><datafield tag="500" ind1=" " ind2=" "><subfield code="a">Shelfmark: Ann Arbor, University of Michigan, Special Collections Library, Isl. Ms. 158</subfield></datafield><datafield tag="500" ind1=" " ind2=" "><subfield code="a">Origin: As appears in colophon on p.52, al-Arbaʻūn al-Nawawīyah copied in the Aḥmadīyah madrasah with transcription finished in Ramaḍān 1121 [?] [November 1709?]. As appears in colophon on p.93, Sharḥ Īsāghūjī copied by Ismāʻīl ibn Zunayl [?] with no mention of date of transcription. As appears in colophon on p.136, transcription of al-Iʻrāb ʻan qawāʻid al-iʻrāb completed in the year 1096 [1684 or 5]. As appears in colophon on p.231, al-Ḥamdīyah copied by ʻUmar ibn Ḥusayn with transcription completed in the year 1085 [1674 or 5]. As appears in colophon on p.324, final work also copied by ʻUmar ibn Ḥusayn al-Zamwānī [?] with transcription completed in the year 1084 [1673 or 4].</subfield></datafield><datafield tag="500" ind1=" " ind2=" "><subfield code="a">Accompanying materials: Scrap with notes (paginated pp.55-56).</subfield></datafield><datafield tag="500" ind1=" " ind2=" "><subfield code="a">Former shelfmark: British Museum, London "No. 104. Tracts on grammar, etc."</subfield></datafield><datafield tag="500" ind1=" " ind2=" "><subfield code="a">Binding: Pasteboards covered in marbled paper (in dark blue, light pink, white) with dark red leather over spine, foreedge flap and edges/turn-ins ; Type II binding (with flap) ; board linings in laid paper ; sewn in bright blue (cyan), yellow, and lime green thread, two stations ; worked chevron endbands in light blue and cream, in fair condition ; overall in poor condition with significant abrasion, some lifting of paper and leather, etc.</subfield></datafield><datafield tag="500" ind1=" " ind2=" "><subfield code="a">Support: European laid paper of several types ; opening work supplied on a European paper with 12-13 laid lines per cm. (vertical), chain lines spaced 22 mm. apart (horizontal), watermark in crown with studded pendant, thin though sturdy, and burnished ; second and third works supplied on a European paper with 7 laid lines per cm. (vertical), chain lines spaced 28-30 mm. apart (horizontal), crown star crescent watermark (compare Heawood 1132), well-burnished, thick and sturdy ; next work and excerpts supplied on a European paper with 11 laid lines per cm. (vertical), chain lines spaced 28 mm. apart (horizontal), scrollwork/coat of arms watermark, extremely smooth and well-burnished (to glossy) ; final work on a European paper with 11 laid lines per cm. (vertical), chain lines spaced 33 mm. apart (horizontal), coat of arms watermark with lions flanking cross in shield above two circles ('AS' in upper circle), thin, smooth and well-burnished.</subfield></datafield><datafield tag="500" ind1=" " ind2=" "><subfield code="a">Decoration: Keywords, section headings, and abbreviations symbols rubricated ; textual dividers in the form of red discs ; overlining in red.</subfield></datafield><datafield tag="500" ind1=" " ind2=" "><subfield code="a">Script: Naskh and naskh-nastaʻlīq ; several hands ; opening work in an elegant naskh with subtle head serifs on occasional initial lām and freestanding alif, tilt to the left, mainly open counters, mainly curvilinear descenders, final hāʼ or tāʼ marbūtah assimilated with preceding rāʼ or dāl, fully vocalized ; al-Iʻrāb in fine naskh-nastaʻlīq [closer to nastaʻlīq] virtually serifless with mainly closed counters, effect of words descending to baseline (occasionally more exaggerated), letterforms characteristic of nastaʻlīq ; following works in fine naskh similar to opening hand though virtually serifless with tilt to the left, mainly closed counters, many curvilinear descenders, pointing in distinct dots.</subfield></datafield><datafield tag="500" ind1=" " ind2=" "><subfield code="a">Layout: Written in 11, 15 and 17 lines per page ; frame-ruled.</subfield></datafield><datafield tag="500" ind1=" " ind2=" "><subfield code="a">Collation: 2 V (20), III (26), 3 V(56), V+1 (67), V (77), V+1 (88), 3 V(118), V+1 (129), 2 V(149), I (151), V (161), i ; chiefly quinions ; catchwords present ; pagination in pencil, Western numerals, supplied during digitization (includes insert and back flyleaf).</subfield></datafield><datafield tag="500" ind1=" " ind2=" "><subfield code="a">Incipit:</subfield></datafield><datafield tag="500" ind1=" " ind2=" "><subfield code="a">Title supplied by cataloguer.</subfield></datafield><datafield tag="500" ind1=" " ind2=" "><subfield code="a">Ms. composite codex.</subfield></datafield><datafield tag="505" ind1="0" ind2=" "><subfield code="a">10. p.325-p.326 : [excerpts and calligraphic excercises].</subfield></datafield><datafield tag="505" ind1="0" ind2=" "><subfield code="a">9. p.242-p.324 : [Sharḥ al-Bināʼ ?].</subfield></datafield><datafield tag="505" ind1="0" ind2=" "><subfield code="a">8. p.232-p.241 : [mainly blank with a few excerpts].</subfield></datafield><datafield tag="505" ind1="0" ind2=" "><subfield code="a">7. p.140-p.231 : [al-Ḥamdīyah : Ḥāshiyah ʻalá Sharḥ dībājat al-Miṣbāḥ] / Aḥmad ibn ʻImād.</subfield></datafield><datafield tag="505" ind1="0" ind2=" "><subfield code="a">6. p.137-p.139 : [blank].</subfield></datafield><datafield tag="505" ind1="0" ind2=" "><subfield code="a">5. p.96-p.136 : al-Iʻrāb ʻan qawāʻid al-iʻrāb / Ibn Hishām.</subfield></datafield><datafield tag="505" ind1="0" ind2=" "><subfield code="a">4. p.94-p.95 : [mainly blank with a few prayers, excerpts, etc.].</subfield></datafield><datafield tag="505" ind1="0" ind2=" "><subfield code="a">3. p.54-p.93 : [Sharḥ Īsāghūjī] / Ḥusām al-Dīn Kātī.</subfield></datafield><datafield tag="505" ind1="0" ind2=" "><subfield code="a">2. p.53 : [blank].</subfield></datafield><datafield tag="505" ind1="0" ind2=" "><subfield code="a">1. p.2-p.52 : [al-Arbaʻūn al-Nawawīyah] / al-Nawawī.</subfield></datafield><datafield tag="510" ind1="4" ind2=" "><subfield code="a">Brockelmann, C. GAL,</subfield><subfield code="c">I 293</subfield></datafield><datafield tag="510" ind1="4" ind2=" "><subfield code="a">Brockelmann, C. GAL,</subfield><subfield code="c">II, 24 (I, cmtre. no.25)</subfield></datafield><datafield tag="510" ind1="4" ind2=" "><subfield code="a">Brockelmann, C. GAL,</subfield><subfield code="c">I 465 ; SI 842 ; I 609 (II, cmtre. no.1)</subfield></datafield><datafield tag="510" ind1="4" ind2=" "><subfield code="a">Brockelmann, C. GAL,</subfield><subfield code="c">I 395, (IX) ; SI 680</subfield></datafield><datafield tag="520" ind1="8" ind2=" "><subfield code="a">Fine composite collection (majmūʻah / mecmua) of works on hadith, logic, grammar, etc.</subfield></datafield><datafield tag="538" ind1=" " ind2=" "><subfield code="a">Mode of access: Internet.</subfield></datafield><datafield tag="541" ind1=" " ind2=" "><subfield code="c">Purchase ;</subfield><subfield code="a">Acquired by purchase (funds donated by Horace Rackham).</subfield><subfield code="d">1924.</subfield></datafield><datafield tag="546" ind1=" " ind2=" "><subfield code="a">Arabic.</subfield></datafield><datafield tag="561" ind1=" " ind2=" "><subfield code="a">Bookplate of British Museum, London on interior of upper cover, "British Museum, London. No. 104. Tracts on grammar, etc." ; circular seal impression with figure of goat/gazelle in purple ink as well as inscription "323" in Western numerals on opening leaf (p.1) ; on paper (blue-tinted) pasted on opening leaf (p.1), a detailed waqf statement in the name of al-Sayyid ʻAbd Allāh Adīb (Abdullah Edip), known as Jannatʹzādah (Cennet-zade), qāḍī of Erzurum, accompanied by his seal, reads: "وقفت وقفا صحيحا شرعيا على ان لا يخرج من بيت الكتب الملتصق بداري الا لعلماء سكنوا بارضروم بكفيل مرعى اورهن قوي وانا الفقير اليه عز شانه السيد عبد الله اديب الشهير بجنت زاده القاضي بمدينة ارضروم في سنة اثنى وستين ومائتين والف" ; oval seal impression "حسبي الله ونعم الوكيل السيد اسماعيل محيي ۱۲۳۳" accompanies ownership statement (partially obscured by waqf statement) in name of Jannat’zādah, al-Sayyid Ismāʻīl Muḥyī ibn Muḥammad Rāghib (Cennetzade İsmail Muhyi bin Mehmet Ragıp) reads "...الارث الشرعي الى ملك الفقير ... رحمة القدير السيد اسماعيل محيي المدرس [بمدرسة؟] ياقوتية وقائمقام ونقيب الاشرف بارضروم بن محمد راغب المفتي بمدينة ارضروم صان الله تعالى عن البلية والهموم ۱٥ لع سنة ۱۲٣٨" ; oval seal impression in black ink on p.53, virtually illegible ; oval seal impression in black ink on p.95 and elsewhere ; ownership statement on cover reads "صاحب ومالك ..." ; occasional marginal corrections and glosses.</subfield></datafield><datafield tag="600" ind1="1" ind2="0"><subfield code="a">Muṭarrizī, Nāṣir ibn ʻAbd al-Sayyid,</subfield><subfield code="d">1144-1213.</subfield><subfield code="t">Miṣbāḥ fī al-naḥw.</subfield></datafield><datafield tag="600" ind1="1" ind2="0"><subfield code="a">Athīr al-Dīn al-Abharī, al-Mufaḍḍal ibn ʻUmar,</subfield><subfield code="d">-1265.</subfield><subfield code="t">Īsāghūjī.</subfield></datafield><datafield tag="650" ind1=" " ind2="0"><subfield code="a">Manuscripts, Arabic</subfield><subfield code="z">Michigan</subfield><subfield code="z">Ann Arbor.</subfield></datafield><datafield tag="650" ind1=" " ind2="0"><subfield code="a">Arabic language</subfield><subfield code="x">Grammar</subfield><subfield code="v">Early works to 1800.</subfield></datafield><datafield tag="650" ind1=" " ind2="0"><subfield code="a">Islamic philosophy</subfield><subfield code="v">Early works to 1800.</subfield></datafield><datafield tag="650" ind1=" " ind2="0"><subfield code="a">Logic</subfield><subfield code="v">Early works to 1800.</subfield></datafield><datafield tag="650" ind1=" " ind2="0"><subfield code="a">Hadith</subfield><subfield code="v">Early works to 1800.</subfield></datafield><datafield tag="700" ind1="0" ind2="2"><subfield code="6">880-11</subfield><subfield code="a">شرح البناء</subfield></datafield><datafield tag="700" ind1="0" ind2=" "><subfield code="6">880-14</subfield><subfield code="a">Cennetzade İsmail Muyhi bin Mehmet Ragıp,</subfield><subfield code="d">fl. 1817,</subfield><subfield code="e">former owner.</subfield></datafield><datafield tag="700" ind1="0" ind2=" "><subfield code="6">880-13</subfield><subfield code="a">ʻUmar ibn Ḥusayn,</subfield><subfield code="d">fl. 1673,</subfield><subfield code="e">scribe.</subfield></datafield><datafield tag="700" ind1="0" ind2=" "><subfield code="6">880-12</subfield><subfield code="a">Ismāʻīl ibn Zunayl,</subfield><subfield code="e">scribe.</subfield></datafield><datafield tag="700" ind1="0" ind2="2"><subfield code="6">880-09</subfield><subfield code="a">Aḥmad ibn ʻImād al-Ḥanafī.</subfield><subfield code="t">Ḥamdīyah.</subfield></datafield><datafield tag="700" ind1="1" ind2="2"><subfield code="6">880-08</subfield><subfield code="a">Ibn Hishām, ʻAbd Allāh ibn Yūsuf,</subfield><subfield code="d">1309-1360.</subfield><subfield code="t">Iʻrāb ʻan qawāʻid al-iʻrāb.</subfield></datafield><datafield tag="700" ind1="1" ind2="2"><subfield code="6">880-06</subfield><subfield code="a">Kātī, Ḥusām al-Dīn al-Ḥasan,</subfield><subfield code="d">d. 1359.</subfield><subfield code="t">Sharḥ Īsāghūjī.</subfield></datafield><datafield tag="700" ind1="0" ind2="2"><subfield code="6">880-05</subfield><subfield code="a">Nawawī,</subfield><subfield code="d">1233-1277.</subfield><subfield code="t">Arbaʻūn al-Nawawīyah.</subfield></datafield><datafield tag="740" ind1="0" ind2="2"><subfield code="6">880-10</subfield><subfield code="a">Ḥāshiyah ʻalá Sharḥ dībājat al-Miṣbāḥ</subfield></datafield><datafield tag="740" ind1="0" ind2="2"><subfield code="6">880-07</subfield><subfield code="a">Īḍāḥ mā fī Kitāb Īsāghūjī</subfield></datafield><datafield tag="773" ind1="0" ind2=" "><subfield code="a">Tiflis Collection.</subfield></datafield><datafield tag="880" ind1="0" ind2=" "><subfield code="6">700-14/</subfield><subfield code="a">جنت زاده اسماعيل محيي بن محمد راغب،</subfield><subfield code="e">مالك سابق.</subfield></datafield><datafield tag="880" ind1="0" ind2=" "><subfield code="6">700-13/</subfield><subfield code="a">عمر بن حسين الزمواني،</subfield><subfield code="e">ناسخ.</subfield></datafield><datafield tag="880" ind1="0" ind2=" "><subfield code="6">700-12/</subfield><subfield code="a">اسماعيل بن زنيل,</subfield><subfield code="e">ناسخ.</subfield></datafield><datafield tag="880" ind1="0" ind2="2"><subfield code="6">740-00/</subfield><subfield code="a">Sharḥ al-Bināʼ</subfield></datafield><datafield tag="880" ind1="0" ind2="2"><subfield code="6">740-10/</subfield><subfield code="a">حاششية على شرح ديباجة المصباح</subfield></datafield><datafield tag="880" ind1="0" ind2="2"><subfield code="6">700-09/</subfield><subfield code="a">احمد بن عماد الحنفي.</subfield><subfield code="t">حمدية.</subfield></datafield><datafield tag="880" ind1="1" ind2="2"><subfield code="6">700-08/</subfield><subfield code="a">ابن هشام، عبد الله بن يوسف.</subfield><subfield code="t">اعراب عن قواعد الاعراب.</subfield></datafield><datafield tag="880" ind1="0" ind2="2"><subfield code="6">740-07/</subfield><subfield code="a">ايضاح ما في كتاب ايساغوجي</subfield></datafield><datafield tag="880" ind1="1" ind2="2"><subfield code="6">700-06/</subfield><subfield code="a">كاتي، حسام الدين الحسن.</subfield><subfield code="t">شرح ايساغوجي.</subfield></datafield><datafield tag="880" ind1="0" ind2="2"><subfield code="6">700-05/</subfield><subfield code="a">نووي.</subfield><subfield code="t">اربعون النووية.</subfield></datafield><datafield tag="880" ind1="0" ind2="0"><subfield code="6">245-01/</subfield><subfield code="a">[مجموعة رسائل,</subfield><subfield code="f">1084ه الى 1121ه؟، 1673م الى 1709م؟].</subfield></datafield><datafield tag="CID" ind1=" " ind2=" "><subfield code="a">006776044</subfield></datafield><datafield tag="DAT" ind1="0" ind2=" "><subfield code="a">20190719102635.0</subfield><subfield code="b">20190719000000.0</subfield></datafield><datafield tag="DAT" ind1="1" ind2=" "><subfield code="a">20190719090653.0</subfield><subfield code="b">2019-07-19T16:11:20Z</subfield></datafield><datafield tag="DAT" ind1="2" ind2=" "><subfield code="a">2015-10-10T18:00:06Z</subfield></datafield><datafield tag="CAT" ind1=" " ind2=" "><subfield code="a">SDR-MIU</subfield><subfield code="d">EX LIBRIS - ALEPH</subfield><subfield code="l">prepare.pl-004-008</subfield></datafield><datafield tag="FMT" ind1=" " ind2=" "><subfield code="a">BK</subfield></datafield><datafield tag="HOL" ind1=" " ind2=" "><subfield code="0">sdr-miu006776044</subfield><subfield code="a">MiU</subfield><subfield code="b">SDR</subfield><subfield code="c">MIU</subfield><subfield code="p">mdp.39015079125830</subfield><subfield code="s">MIU</subfield><subfield code="1">006776044</subfield></datafield><datafield tag="974" ind1=" " ind2=" "><subfield code="b">MIU</subfield><subfield code="c">MIU</subfield><subfield code="d">20190719</subfield><subfield code="s">lit-dlps-dc</subfield><subfield code="u">mdp.39015079125830</subfield><subfield code="y">1709</subfield><subfield code="r">pd</subfield><subfield code="q">bib</subfield><subfield code="t">non-US bib date2, date type m &lt; 1879</subfield></datafield></record></collection>